<?xml version="1.0" encoding="UTF-8"?><collection xmlns="http://www.loc.gov/MARC21/slim"><record><leader>00582nam--2200181-i-4500</leader><controlfield tag="001">000000201</controlfield><controlfield tag="002">20161230</controlfield><controlfield tag="005">20161230201023</controlfield><controlfield tag="008">060222s1000------------r-----000-0-fre-d</controlfield><datafield ind1=" " ind2=" " tag="040"><subfield code="a">IFIN-HH</subfield></datafield><datafield ind1=" " ind2=" " tag="041"><subfield code="a">fre</subfield></datafield><datafield ind1=" " ind2=" " tag="080"><subfield code="a">539.2:539.172.3</subfield></datafield><datafield ind1="1" ind2=" " tag="100"><subfield code="a">Friedt, Jean-marie</subfield></datafield><datafield ind1="1" ind2="0" tag="245"><subfield code="a">Spectroscopie mossbauer du fe forme par capture electronique de 57 co dans quelques composes de cobalt</subfield><subfield code="b">These</subfield><subfield code="c">Jean-marie friedt</subfield></datafield><datafield ind1=" " ind2=" " tag="260"><subfield code="a">Strasbourg</subfield><subfield code="b">Faculte Des Sciences De L`Universite De Strasbourg</subfield><subfield code="c">1969</subfield></datafield><datafield ind1=" " ind2=" " tag="300"><subfield code="a">141P</subfield></datafield><datafield ind1=" " ind2=" " tag="852"><subfield code="a">34348</subfield><subfield code="c">539.163.2</subfield></datafield><datafield ind1=" " ind2=" " tag="CAT"><subfield code="a">Sys</subfield><subfield code="c">20120524</subfield><subfield code="h">094954</subfield></datafield></record></collection>